%% This BibTeX bibliography file in UTF-8 format was created using Papers.
%% http://mekentosj.com/papers/

@article{Yagi:2004p1383,
author = {K Yagi and K Hirao and T Taketsugu and M W Schmidt and M S Gordon}, 
journal = {J. Chem. Phys.},
title = {Ab initio vibrational state calculations with a quartic force field: Applications to H2CO, C2H4 , CH3OH, CH3CCH, and C6H6},
number = {3},
pages = {1383--1389},
volume = {121},
year = {2004},
}

@article{Yagi:2000p1005,
author = {K Yagi and T Taketsugu and K Hirao and M S Gordon}, 
journal = {J. Chem. Phys.},
title = {Direct vibrational self-consistent field method: Applications to H2O and H2CO},
number = {3},
pages = {1005--1017},
volume = {113},
year = {2000},
}

@article{Yagi:2007p1768,
author = {K Yagi and S Hirata and K Hirao}, 
journal = {J. Chem. Phys.},
title = {Efficient configuration selection scheme for vibrational second-order perturbation theory},
number = {3},
pages = {034111},
volume = {127},
year = {2007},
month = {Jul},
}

@article{Yagi:2008p1745,
author = {K Yagi and S Hirata and K Hirao}, 
journal = {Phys. Chem. Chem. Phys.},
title = {Vibrational quasi-degenerate perturbation theory: applications to fermi resonance in CO2, H2CO, and C6H6},
number = {13},
pages = {1781--1788},
volume = {10},
year = {2008},
}

@article{Yagi:2012p204118,
author = {K Yagi and M Keceli and S Hirata}, 
journal = {J. Chem. Phys.},
title = {Optimized vibrational coordinates for anharmonic vibrational structure theories},
number = {},
pages = {204118},
volume = {137},
year = {2012},
}
